<?xml version="1.0" encoding="UTF-8"?><record xmlns="http://www.loc.gov/MARC21/slim" xmlns:cinclude="http://apache.org/cocoon/include/1.0" xmlns:zs="http://www.loc.gov/zing/srw/">
  <leader>00598cz  a2200145n  4500</leader>
  <controlfield tag="001">n  98106477 </controlfield>
  <controlfield tag="003">DLC</controlfield>
  <controlfield tag="005">20130314092323.0</controlfield>
  <controlfield tag="008">981202n| azannaab           |b ana      </controlfield>
  <datafield tag="010" ind1=" " ind2=" ">
    <subfield code="a">n  98106477 </subfield>
  </datafield>
  <datafield tag="040" ind1=" " ind2=" ">
    <subfield code="a">DLC</subfield>
    <subfield code="b">eng</subfield>
    <subfield code="e">rda</subfield>
    <subfield code="c">DLC</subfield>
    <subfield code="d">DLC</subfield>
  </datafield>
  <datafield tag="110" ind1="1" ind2=" ">
    <subfield code="a">Iowa.</subfield>
    <subfield code="b">Department of Transportation.</subfield>
    <subfield code="b">Access Management Task Force</subfield>
  </datafield>
  <datafield tag="410" ind1="1" ind2=" ">
    <subfield code="w">nnea</subfield>
    <subfield code="a">Iowa.</subfield>
    <subfield code="b">Dept. of Transportation.</subfield>
    <subfield code="b">Access Management Task Force</subfield>
  </datafield>
  <datafield tag="510" ind1="1" ind2=" ">
    <subfield code="w">r</subfield>
    <subfield code="i">Hierarchical superior:</subfield>
    <subfield code="a">Iowa.</subfield>
    <subfield code="b">Department of Transportation</subfield>
  </datafield>
  <datafield tag="670" ind1=" " ind2=" ">
    <subfield code="a">Access management awareness program ... 1997:</subfield>
    <subfield code="b">t.p. (Access Management Task Force, Iowa Department of Transportation)</subfield>
  </datafield>
</record>